@article{Gire2014,
author = {Gire, SK and Goba, A and Andersen, KG and Sealfon, R SG and Park, DJ and Kanneh, L and Jalloh, S and Momoh, M and Fullah, M and Dudas, G and Wohl, S and Moses, LM and Yozwiak, NL and Winnicki, S and Matranga, CB and Malboeuf, CM and Qu, J and Gladden, AD and Schaffner, SF and Yang, X and Jiang, PP and Nekoui, M and Colubri, A and Coomber, MR and Fonnie, M and Moigboi, A and Gbakie, M and Kamara, FK and Tucker, V and Konuwa, E and Saffa, S and Sellu, J and Jalloh, AA and Kovoma, A and Koninga, J and Mustapha, I and Kargbo, K and Foday, M and Yillah, M and Kanneh, F and Robert, W and Massally, J LB and Chapman, SB and Bochicchio, J and Murphy, C and Nusbaum, C and Young, S and Birren, BW and Grant, DS and Scheiffelin, JS and Lander, ES and Happi, C and Gevao, SM and Gnirke, A and Rambaut, A and Garry, RF and Khan, SH and Sabeti, P C},
title = {Genomic surveillance elucidates {Ebola} virus origin and transmission during the 2014 outbreak},
journal = {Science},
year = {2014},
volume = {345},
pages = {1369--1372}
}

@misc{NatureEditorial,
    title = {Ebola virus mutating rapidly as it spreads},
    author = {E. {Check Hayden}},
    year = 2014,
    howpublished = {\emph{Nature} News, 28 August 2014. doi:10.1038/nature.2014.15777}
}

@misc{Lukszaetal2014,
    title = {Epidemiological and evolutionary analysis of the 2014 {Ebola} virus outbreak},
    author = {M. \L{}uksza and T. Bedford and M. L\"a{}ssig},
    year = 2014,
    howpublished = {http://arxiv.org/abs/1411.1722}
}


@article{PetersonMasel2009,
author = {Peterson, GI and Masel, J},
title = {Quantitative Prediction of Molecular Clock and {Ka/Ks} at Short Timescales},
journal = {Mol Biol Evol},
year = {2009},
volume = {26},
pages = {2595--2603}
}

@article{Hoetal2005,
author = {Ho, Simon YW and Phillips, Matthew J and Cooper, Alan and Drummond, Alexei J},
title = {{Time Dependency of Molecular Rate Estimates and Systematic Overestimation of Recent Divergence Times}},
journal = {Mol Biol Evol},
year = {2005},
volume = {22},
pages = {1561--1568}
}

@article{Hoetal2007,
author = {Ho, Simon Y W and Shapiro, Beth and Phillips, Matthew J and Cooper, Alan and Drummond, Alexei J},
title = {Evidence for Time Dependency of Molecular Rate Estimates},
journal = {Syst Biol},
year = {2007},
volume = {56},
pages = {515--522}
}

@article{Hoetal2011,
author = {Ho, Simon Y W and Lanfear, Robert and Bromham, Lindell and Phillips, Matthew J and Soubrier, Julien and Rodrigo, Allen G and Cooper, Alan},
title = {Time-dependent rates of molecular evolution},
journal = {Mol Ecol},
year = {2011},
volume = {20},
pages = {3087--3101}
}

@article{raxml,
author = {Stamatakis, A},
title = {{RAxML Version 8}: A tool for Phylogenetic Analysis and Post-Analysis of Large Phylogenies},
journal = {Bioinformatics},
volume = {30},
pages = {1312--1313},
year = {2014}
}


@article{Linetal2011,
author = {Lin, Jih-Hui and Chiu, Shu-Chun and Cheng, Ju-Chien and Chang, Hui-Wen and Hsiao, Kuang-Liang and Lin, Yung-Cheng and Wu, Ho-Sheng and Salemi, Marco and Liu, Hsin-Fu},
title = {Phylodynamics and Molecular Evolution of Influenza {A} Virus Nucleoprotein Genes in {Taiwan} between 1979 and 2009},
journal = {PLoS ONE},
year = {2011},
volume = {6},
pages = {e23454}
}

@article{MeyerWilke2013,
	Author = {A. G. Meyer and C. O. Wilke},
	Journal = {Mol Biol Evol},
	Pages = {36--44},
	Title = {Integrating sequence variation and protein structure to identify sites under selection},
	Issue = 1,
	Volume = 30,
	Year = 2013
}

@article{Bushetal1999,
	author = {R. M. Bush and C. A. Bender and K. Subbarao and N. J. Cox and W. M. Fitch},
	title = {Predicting the evolution of human influenza {A}},
	journal = {Science},
	volume = 286,
	year = 1999,
	pages = {1921--1925}
}

@article{beast,
author = {Drummond, Alexei J and Rambaut, Andrew},
title = {{BEAST}: Bayesian evolutionary analysis by sampling trees},
journal = {BMC Evol Biols},
year = {2007},
volume = {7},
pages = {214}
}

@article{ird,
author = {Squires, RB and others},
year = {2012},
title = {{Influenza research database}: an integrated bioinformatics resource for influenza research and surveillance},
journal = {Influenza Other Respir Viruses},
volume = 6,
pages = {404--416}
}

@article{Baizeetal2014,
author = {Baize, Sylvain and Pannetier, Delphine and Oestereich, Lisa and Rieger, Toni and Koivogui, Lamine and Magassouba, N'Faly and Soropogui, Barrè and Sow, Mamadou Saliou and Keïta, Sakoba and De Clerck, Hilde and Tiffany, Amanda and Dominguez, Gemma and Loua, Mathieu and Traoré, Alexis and Kolié, Moussa and Malano, Emmanuel Roland and Heleze, Emmanuel and Bocquin, Anne and Mély, Stephane and Raoul, Hervé and Caro, Valérie and Cadar, Dániel and Gabriel, Martin and Pahlmann, Meike and Tappe, Dennis and Schmidt-Chanasit, Jonas and Impouma, Benido and Diallo, Abdoul Karim and Formenty, Pierre and Van Herp, Michel and Günther, Stephan},
title = {Emergence of Zaire Ebola Virus Disease in Guinea},
journal = {NEJM},
volume = {371},
pages = {1418--1425},
year = {2014}
}
